@inproceedings{west2014knowledge,
  title={Knowledge base completion via search-based question answering},
  author={West, Robert and Gabrilovich, Evgeniy and Murphy, Kevin and Sun, Shaohua and Gupta, Rahul and Lin, Dekang},
  booktitle={Proceedings of the 23rd international conference on World wide web},
  year={2014},
}

@inproceedings{surdeanu2013overview,
  title={Overview of the tac2013 knowledge base population evaluation: English slot filling and temporal slot filling},
  author={Surdeanu, Mihai},
  booktitle={Proceedings of the Sixth Text Analysis Conference (TAC 2013)},
  year={2013}
}

@inproceedings{manning2014stanford,
  title={The Stanford CoreNLP natural language processing toolkit},
  author={Manning, Christopher D and Surdeanu, Mihai and Bauer, John and Finkel, Jenny and Bethard, Steven J and McClosky, David},
  booktitle={Proceedings of 52nd Annual Meeting of the Association for Computational Linguistics: System Demonstrations},
  year={2014}
}

@inproceedings{mikolov2013distributed,
  title={Distributed representations of words and phrases and their compositionality},
  author={Mikolov, Tomas and Sutskever, Ilya and Chen, Kai and Corrado, Greg S and Dean, Jeff},
  booktitle={Advances in neural information processing systems},
  pages={3111--3119},
  year={2013}
}

@inproceedings{mitchell2015never,
  title={Never-Ending Learning},
  author={Mitchell, T and Cohen, W and Hruschka, E and Talukdar, P and Betteridge, J and Carlson, A and Dalvi, B and Gardner, M and Kisiel, B and Krishnamurthy, J and others},
  booktitle={Proceedings of AAAI},
  year={2015}
}

@inproceedings{surdeanu2013overview,
  title={Overview of the tac2013 knowledge base population evaluation: English slot filling and temporal slot filling},
  author={Surdeanu, Mihai},
  booktitle={Proceedings of the Sixth Text Analysis Conference (TAC 2013)},
  year={2013}
}

@inproceedings{dong2014knowledge,
  title={Knowledge vault: A web-scale approach to probabilistic knowledge fusion},
  author={Dong, Xin and Gabrilovich, Evgeniy and Heitz, Geremy and Horn, Wilko and Lao, Ni and Murphy, Kevin and Strohmann, Thomas and Sun, Shaohua and Zhang, Wei},
  booktitle={Proceedings of the 20th ACM SIGKDD international conference on Knowledge discovery and data mining},
  year={2014},
}

@article{gardner2013improving,
  title={Improving learning and inference in a large knowledge-base using latent syntactic cues},
  author={Gardner, Matt and Talukdar, Partha Pratim and Kisiel, Bryan and Mitchell, Tom},
  booktitle={Proceedings of EMNLP},
  year={2013}
}

@article{gardner2014incorporating,
  title={Incorporating vector space similarity in random walk inference over knowledge bases},
  author={Gardner, Matt and Talukdar, Partha Pratim and Krishnamurthy, Jayant and Mitchell, Tom},
  booktitle={Proceedings of EMNLP},
  year={2014}
}

@inproceedings{textrunner,
  title={Textrunner: open information extraction on the web},
  author={Yates, Alexander and Cafarella, Michael and Banko, Michele and Etzioni, Oren and Broadhead, Matthew and Soderland, Stephen},
  booktitle={Proceedings of Human Language Technologies: The Annual Conference of the North American Chapter of the Association for Computational Linguistics: Demonstrations},
  pages={25--26},
  organization={Association for Computational Linguistics},
  year={2007}
}
@inproceedings{reverb,
  title={Identifying relations for open information extraction},
  author={Fader, Anthony and Soderland, Stephen and Etzioni, Oren},
  booktitle={Proceedings of the Conference on Empirical Methods in Natural Language Processing},
  pages={1535--1545},
  year={2011},
  organization={Association for Computational Linguistics}
}
@inproceedings{ollie,
  title={Open language learning for information extraction},
  author={Schmitz, Michael and Bart, Robert and Soderland, Stephen and Etzioni, Oren and others},
  booktitle={Proceedings of the 2012 Joint Conference on Empirical Methods in Natural Language Processing and Computational Natural Language Learning},
  pages={523--534},
  year={2012},
  organization={Association for Computational Linguistics}
}
@inproceedings{nell,
  title={Never Ending Language Learning},
  author={Mitchell, Tom and Fredkin, E},
  booktitle={Big Data (Big Data), 2014 IEEE International Conference on},
  pages={1--1},
  year={2014},
  organization={IEEE}
}
@inproceedings{canopy,
  title={Canonicalizing open knowledge bases},
  author={Gal{\'a}rraga, Luis and Heitz, Geremy and Murphy, Kevin and Suchanek, Fabian M},
  booktitle={Proceedings of the 23rd ACM International Conference on Conference on Information and Knowledge Management},
  pages={1679--1688},
  year={2014},
  organization={ACM}
}
@inproceedings{pennington2014glove,
  author = {Jeffrey Pennington and Richard Socher and Christopher D. Manning},
  booktitle = {Empirical Methods in Natural Language Processing (EMNLP)},
  title = {GloVe: Global Vectors for Word Representation},
  year = {2014},
  pages = {1532--1543},
  url = {http://www.aclweb.org/anthology/D14-1162},
}

@inproceedings{zeng:2015,
  title={Distant Supervision for Relation Extraction via Piecewise Convolutional Neural Networks},
  author={Zeng, Daojian and Liu, Kang and Chen, Yubo and Zhao, Jun},
  year={2015},
  organization={EMNLP}
}

@article{kim:2014,
  title={Convolutional neural networks for sentence classification},
  author={Kim, Yoon},
  journal={arXiv preprint arXiv:1408.5882},
  year={2014}
}
@article{zhou122007tree,
  title={Tree kernel-based relation extraction with context-sensitive structured parse tree information},
  author={ZHOU12, GuoDong and Zhang, Min and Ji, Dong Hong and Zhu, Qiaoming},
  journal={EMNLP-CoNLL 2007},
  pages={728},
  year={2007},
  publisher={Citeseer}
}
@article{rozenfeld2008self,
  title={Self-supervised relation extraction from the web},
  author={Rozenfeld, Benjamin and Feldman, Ronen},
  journal={Knowledge and Information Systems},
  volume={17},
  number={1},
  pages={17--33},
  year={2008},
  publisher={Springer}
}
@inproceedings{mintz2009distant,
  title={Distant supervision for relation extraction without labeled data},
  author={Mintz, Mike and Bills, Steven and Snow, Rion and Jurafsky, Dan},
  booktitle={Proceedings of the Joint Conference of the 47th Annual Meeting of the ACL and the 4th International Joint Conference on Natural Language Processing of the AFNLP: Volume 2-Volume 2},
  pages={1003--1011},
  year={2009},
  organization={Association for Computational Linguistics}
}

